01REMESSA01COBRANCA       2198400227552X000000MICHEL BUENO                  001BANCODOBRASIL  1307220000000                      0002222                                                                                                                                                                                                                                                                  000001
702085436280001452198400227552X0002222                               222200000450000       0110000000     110109090     13072200000000080900010000 01N130722070000000000000000000000000000000000000000000000000000000000000208543628000145MICHEL BUENO DE MELLO                   RUA PAULO ROGERIO MARTINS CHAMMA, 443   ARY FANCHIN 84200000JAGUARIAIVA    PR                                        00 000002
9                                                                                                                                                                                                                                                                                                                                                                                                         000003
