01REMESSA01COBRANCA       2198400227552X000000MARCOS BUENO                  001BANCODOBRASIL  1601230000000                      0001111                                                                                                                                                                                                                                                                  000001
702085436280001452198400227552X0001111                               111100000020000       0110000000     11012         16012300000000012000010000 01N160123070000000000000000000000000000000000000000000000000000000000000208543628000145MICHEL BUENO DE MELLO                   RUA PAULO ROGERIO MARTINS CHAMMA, 443   ARY FANCHIN 84200000JAGUARIAIVA    PR                                        00 000002
9                                                                                                                                                                                                                                                                                                                                                                                                         000003
