75600000         100009520985980                    21989400000022755200MARCOS BUENO                  SICOOB                                  12107202213514900253008100000                                                                     
75600011R01  040 1000009520985980                    2198940000002275520 MARCOS BUENO                                                                                                  000025302107202200000000                                 
7560001300001P 012198940000002275520 000000102001014     10 220000000000000452109202200000000020850000000 02N21072022000000000000000000000000000000000000000000000000000000000000000000000000000000                         3000   090000000000 
7560001300002Q 012008543628000145MICHEL BUENO DE MELLO                   RUA PAULO ROGERIO MARTINS CHAMMA, 443   ARY FANCHIN    84200000JAGUARIAIVA    PR0000000000000000                                        000                            
7560001300003R 01000000000000000000000000000000000000000000000000000000000000000000000000                                                                                                              0000000000000000 000000000000  0         
7560001300004P 012198940000002275520 000000101201014     10 220000000000000452108202200000000020850000000 02N21072022000000000000000000000000000000000000000000000000000000000000000000000000000000                         3000   090000000000 
7560001300005Q 012008543628000145MICHEL BUENO DE MELLO                   RUA PAULO ROGERIO MARTINS CHAMMA, 443   ARY FANCHIN    84200000JAGUARIAIVA    PR0000000000000000                                        000                            
7560001300006R 01000000000000000000000000000000000000000000000000000000000000000000000000                                                                                                              0000000000000000 000000000000  0         
75600015         00000800000200000000000417000000000000000000000000000000000000000000000000000000000000000000000000                                                                                                                             
75699999         000001000010000000                                                                                                                                                                                                             