01REMESSA01COBRANCA       2198400227552X000000MICHEL BUENO                  001BANCODOBRASIL  1307220000000                      0002222                                                                                                                                                                                                                                                                  000001
702085436280001452198400227552X0002222                               222200000450000       0110000000     110145        13072200000000056700010000 01N130722070000000000000000000000000000000000000000000000000000000000000208543628000145MICHEL BUENO DE MELLO                   RUA PAULO ROGERIO MARTINS CHAMMA, 443   ARY FANCHIN 84200000JAGUARIAIVA    PR                                        00 000002
702085436280001452198400227552X0002222                               222200000440000       0110000000     110144        13072200000000020000010000 01N130722070000000000000000000000000000000000000000000000000000000000000208543628000145MICHEL BUENO DE MELLO                   RUA PAULO ROGERIO MARTINS CHAMMA, 443   ARY FANCHIN 84200000JAGUARIAIVA    PR                                        00 000003
9                                                                                                                                                                                                                                                                                                                                                                                                         000004
