00100000         208543628000145000002222001411011  219894000000227552X MICHEL BUENO                  BANCO DO BRASIL S.A.                    10807202211415000000008401600                                                                     
00100011R01  042 2008543628000145000002222001411011  219894000000227552X MICHEL BUENO                                                                                                  000000000807202200000000                                 
0010001300001P 01219894000000227552X 222200000024        1    0000000000000020807202200000000001212300000002N08072022308072022000000000000000000000000000000000000000000000000000000000000000000000                         3000000090000000000 
0010001300002Q 012008543628000145MICHEL BUENO DE MELLO                   RUA PAULO ROGERIO MARTINS CHAMMA, 443   ARY FANCHIN    84200000JAGUARIAIVA    PR0000000000000000                                        000                            
0010001300003R 01000000000000000000000000000000000000000000000000008072022000000000000000                                                                                                              0000000000000000 000000000000  0         
00100015         000005                                                                                                                                                                                                                         
00199999         000001000007000001                                                                                                                                                                                                             
