01REMESSA01COBRANCA       2198400227552X000000MARCOS BUENO                  001BANCODOBRASIL  2107220000000                      0002222                                                                                                                                                                                                                                                                  000001
701000095209859802198400227552X0002222                               222200000020000       0110000000     11013         21092200000000007500010000 01N210722070000000000000000000000000000000000000000000000000000000000000100000000000000CLIENTE PADRAO                          ,                                                   00000000ALTA FLORESTA DRO                                        00 000002
701000095209859802198400227552X0002222                               222200000010000       0110000000     11012         21082200000000007500010000 01N210722070000000000000000000000000000000000000000000000000000000000000100000000000000CLIENTE PADRAO                          ,                                                   00000000ALTA FLORESTA DRO                                        00 000003
9                                                                                                                                                                                                                                                                                                                                                                                                         000004
