00100000         208543628000145000002222001411011  219894000000227552X MICHEL BUENO                  BANCO DO BRASIL S.A.                    10807202215492600000008401600                                                                     
00100011R01  042 2008543628000145000002222001411011  219894000000227552X MICHEL BUENO                                                                                                  000000000807202200000000                                 
0010001300001P 01219894000000227552X 222200000032        1    0000000000000031507202200000000000169000000002N08072022315072022000000000000000000000000000000000000000000000000000000000000000000000                         3000000090000000000 
0010001300002Q 012008543628000145MICHEL BUENO DE MELLO                   RUA PAULO ROGERIO MARTINS CHAMMA, 443   ARY FANCHIN    84200000JAGUARIAIVA    PR0000000000000000                                        000                            
0010001300003R 01000000000000000000000000000000000000000000000000015072022000000000000000                                                                                                              0000000000000000 000000000000  0         
0010001300004P 01219894000000227552X 222200000024        1    0000000000000021907202200000000000120000000002N08072022319072022000000000000000000000000000000000000000000000000000000000000000000000                         3000000090000000000 
0010001300005Q 012008543628000145MICHEL BUENO DE MELLO                   RUA PAULO ROGERIO MARTINS CHAMMA, 443   ARY FANCHIN    84200000JAGUARIAIVA    PR0000000000000000                                        000                            
0010001300006R 01000000000000000000000000000000000000000000000000019072022000000000000000                                                                                                              0000000000000000 000000000000  0         
0010001300007P 01219894000000227552X 222200000032        1    0000000000000031507202200000000000169000000002N08072022315072022000000000000000000000000000000000000000000000000000000000000000000000                         3000000090000000000 
0010001300008Q 012008543628000145MICHEL BUENO DE MELLO                   RUA PAULO ROGERIO MARTINS CHAMMA, 443   ARY FANCHIN    84200000JAGUARIAIVA    PR0000000000000000                                        000                            
0010001300009R 01000000000000000000000000000000000000000000000000015072022000000000000000                                                                                                              0000000000000000 000000000000  0         
00100015         000011                                                                                                                                                                                                                         
00199999         000001000013000001                                                                                                                                                                                                             
